
@online{tendermint,
  author   = {Jae Kwon},
  title    = {Tendermint: Consensus without Mining},
  url      = {https://tendermint.com/static/docs/tendermint.pdf},
  keywords = {tendermint,consesus,bft}
}

@online{cosmossdk,
  author   = {Ethan Buchman, Jae Kwon},
  title    = {Cosmos Whitepaper: A Network of Distributed Ledgers},
  url      = {https://v1.cosmos.network/resources/whitepaper},
  keywords = {cosmos,sdk}
}

@online{bech32,
  title    = {Bech32},
  url      = {https://en.bitcoin.it/wiki/Bech32},
  keywords = {bitcoin,address}
}

@online{mint,
  title    = {Mint Module},
  url      = {https://docs.cosmos.network/master/modules/mint/},
  keywords = {cosmos,mint}
}

@online{cosmwasm,
  title    = {CosmWasm},
  url      = {https://cosmwasm.com/},
  keywords = {cosmos,smart contracts}
}

@online{dht,
  title    = {Distributed Hash Tables},
  url      = {https://docs.ipfs.tech/concepts/dht/},
  keywords = {hash, table, distributed}
}